<?xml version="1.0" encoding="UTF-8"?><collection xmlns="http://www.loc.gov/MARC21/slim"><record><leader>00643nam--2200205-i-4500</leader><controlfield tag="001">000038338</controlfield><controlfield tag="002">20161230</controlfield><controlfield tag="005">20161230201041</controlfield><controlfield tag="008">060222s1000------------r-----000-0-eng-d</controlfield><datafield ind1=" " ind2=" " tag="020"><subfield code="a">0471280283</subfield></datafield><datafield ind1=" " ind2=" " tag="040"><subfield code="a">IFIN-HH</subfield></datafield><datafield ind1=" " ind2=" " tag="080"><subfield code="a">537.222.22:538.971</subfield></datafield><datafield ind1="1" ind2=" " tag="100"><subfield code="a">Howes, M.J. &amp; Morgan, D.V</subfield></datafield><datafield ind1="1" ind2="0" tag="245"><subfield code="a">Reliability and degradation</subfield><subfield code="b">Semiconductor devices and circuits</subfield><subfield code="c">M.j. howes, d.v. morgan (eds.)</subfield></datafield><datafield ind1=" " ind2=" " tag="260"><subfield code="a">Chichester</subfield><subfield code="b">John Wiley And Sons</subfield><subfield code="c">1981</subfield></datafield><datafield ind1=" " ind2=" " tag="300"><subfield code="a">XII + 444P</subfield></datafield><datafield ind1=" " ind2=" " tag="490"><subfield code="a">The Wiley Series In Solid State Devices And Circuits</subfield></datafield><datafield ind1="1" ind2=" " tag="700"><subfield code="a">Morgan, D.V</subfield><subfield code="e">Ed</subfield></datafield><datafield ind1=" " ind2=" " tag="852"><subfield code="a">70104</subfield><subfield code="c">537.311.33</subfield></datafield><datafield ind1=" " ind2=" " tag="CAT"><subfield code="a">Sys</subfield><subfield code="c">20110726</subfield><subfield code="h">145721</subfield></datafield></record></collection>